@article{Breckel2021,
  author   = {{Breckel}, Alexander and {Pietron}, Jakob and {Juhnke}, Katharina and {Sihler}, Florian and {Tichy}, Matthias},
  doi      = {10.1016/j.jss.2021.111094},
  issn     = {0164-1212},
  journal  = {Journal of Systems and Software},
  keywords = {Technology roadmaps, Modeling, Model-based engineering, Roadmapping, Domain-specific languages, Time-dependence},
  pages    = {111094},
  title    = {A domain-specific language for modeling and analyzing solution spaces for technology roadmapping},
  volume   = {184},
  year     = {2021}
}